{
  "leader": "03869cam a2200577Ma 4500",
  "fields": [
    {
      "001": "ocn958626904"
    },
    {
      "003": "OCoLC"
    },
    {
      "005": "20211007170506.0"
    },
    {
      "008": "010221s1997\\\\\\\\dcu\\\\\\\\\\\\\\\\\\\\\\000\\0\\eng\\d"
    },
    {
      "040": {
        "ind1": "\\",
        "ind2": "\\",
        "subfields": [
          {
            "a": "Z5A"
          },
          {
            "b": "eng"
          },
          {
            "c": "Z5A"
          },
          {
            "d": "OCLCO"
          },
          {
            "d": "OCLCF"
          },
          {
            "d": "OCLCO"
          },
          {
            "d": "COF"
          },
          {
            "d": "MMV"
          },
          {
            "d": "OCLCO"
          },
          {
            "d": "OCLCQ"
          },
          {
            "d": "OCLCA"
          },
          {
            "d": "CNMTR"
          }
        ]
      }
    },
    {
      "020": {
        "ind1": "\\",
        "ind2": "\\",
        "subfields": [
          {
            "a": "0943657385"
          }
        ]
      }
    },
    {
      "020": {
        "ind1": "\\",
        "ind2": "\\",
        "subfields": [
          {
            "a": "9780943657387"
          }
        ]
      }
    },
    {
      "035": {
        "ind1": "\\",
        "ind2": "\\",
        "subfields": [
          {
            "a": "(OCoLC)958626904"
          }
        ]
      }
    },
    {
      "050": {
        "ind1": "\\",
        "ind2": "4",
        "subfields": [
          {
            "a": "RJ500.5"
          },
          {
            "b": ".D4 1997"
          }
        ]
      }
    },
    {
      "055": {
        "ind1": "\\",
        "ind2": "3",
        "subfields": [
          {
            "a": "RJ500.5"
          },
          {
            "b": ".D3 1997"
          }
        ]
      }
    },
    {
      "060": {
        "ind1": "\\",
        "ind2": "4",
        "subfields": [
          {
            "a": "WM 15"
          },
          {
            "b": "D5366 1997 suppl."
          }
        ]
      }
    },
    {
      "082": {
        "ind1": "0",
        "ind2": "4",
        "subfields": [
          {
            "a": "618.92890012"
          },
          {
            "b": "DC"
          }
        ]
      }
    },
    {
      "245": {
        "ind1": "0",
        "ind2": "4",
        "subfields": [
          {
            "a": "The DC: 0-3 casebook :"
          },
          {
            "b": "a guide to the use of Zero to Three's Diagnostic classification of mental health and developmental disorders of infancy and early childhood in assessment and treatment planning /"
          },
          {
            "c": "editors Alicia F. Lieberman, Serena Wieder and Emily Fenichel ; foreword by Stanley I. Greenspan."
          }
        ]
      }
    },
    {
      "246": {
        "ind1": "3",
        "ind2": "\\",
        "subfields": [
          {
            "a": "DC: Zero to Three casebook"
          }
        ]
      }
    },
    {
      "250": {
        "ind1": "\\",
        "ind2": "\\",
        "subfields": [
          {
            "a": "First edition, first printing (August, 1997)."
          }
        ]
      }
    },
    {
      "264": {
        "ind1": "\\",
        "ind2": "1",
        "subfields": [
          {
            "a": "Washington, D.C. :"
          },
          {
            "b": "National Center for Infants, Toddlers and Families,"
          },
          {
            "c": "\u00a91997."
          }
        ]
      }
    },
    {
      "300": {
        "ind1": "\\",
        "ind2": "\\",
        "subfields": [
          {
            "a": "393 pages ;"
          },
          {
            "c": "26 cm"
          }
        ]
      }
    },
    {
      "336": {
        "ind1": "\\",
        "ind2": "\\",
        "subfields": [
          {
            "a": "text"
          },
          {
            "b": "txt"
          },
          {
            "2": "rdacontent"
          }
        ]
      }
    },
    {
      "337": {
        "ind1": "\\",
        "ind2": "\\",
        "subfields": [
          {
            "a": "unmediated"
          },
          {
            "b": "n"
          },
          {
            "2": "rdamedia"
          }
        ]
      }
    },
    {
      "338": {
        "ind1": "\\",
        "ind2": "\\",
        "subfields": [
          {
            "a": "volume"
          },
          {
            "b": "nc"
          },
          {
            "2": "rdacarrier"
          }
        ]
      }
    },
    {
      "505": {
        "ind1": "0",
        "ind2": "\\",
        "subfields": [
          {
            "a": "Axis I. Primary diagnosis -- Traumatic stress disorder / Theodore Gaensbauer -- Disorders of affect -- Anxiety disorders of infancy and early childhood / Robin C. Silverman, Alicia F. Lieberman, and Judith H. Pekarsky -- Mood disorder : prolonged bereavement/grief reaction / Alicia Lieberman -- Mood disorder : prolonged bereavement/grief reaction / Lee Tidmarsh -- Mood disorder : depression of infancy and early childhood / Molly Romer Witten -- Mixed disorder of emotional expressiveness / Jean H. Thomas -- Mixed disorder of emotional exprressiveness / Sharon Y. Levy, Karen Frankel, and Robert J. Harmon -- Childhood gender identity disorder / Susan W. Coates and Sabrina M. Wolfe -- Reactive attachment deprivation/maltreatment disorder of infancy and early childhood / Alicia F. Lieberman -- Adjustment disorder / J. Martin Maldonado-Dura\u0301n -- Regulatory disorders -- Type I: Hypersensitive / Lois M. Black -- Type I: Hypersenstive / G. Gordon Williamson and Gambi White-Tennant -- Type II: Underreactive / Barbara Kalmanson -- Type III: Motor processing-impulsive, motorically disorganized / Judith Ahrano -- Sleep behavior disorder / Klaus Minde -- Eating behavior disorder / Irene Chatoor -- Disorders of relating and communicating -- Multisystem developmental disorder / Serena Wieder -- Multisystem develolpmental disorder, patter B / Rebecca Shahmoon-Shanok -- Axis II. Relationship disorder classification -- Mixed and 902. Underinvolved / Roseanne Clark, Mary Seidl, and Andrew Paulson."
          }
        ]
      }
    },
    {
      "650": {
        "ind1": "\\",
        "ind2": "0",
        "subfields": [
          {
            "a": "Child psychopathology"
          },
          {
            "v": "Classification."
          }
        ]
      }
    },
    {
      "650": {
        "ind1": "\\",
        "ind2": "0",
        "subfields": [
          {
            "a": "Infant psychiatry"
          },
          {
            "v": "Classification."
          }
        ]
      }
    },
    {
      "650": {
        "ind1": "\\",
        "ind2": "0",
        "subfields": [
          {
            "a": "Child psychopathology"
          },
          {
            "x": "Diagnosis."
          }
        ]
      }
    },
    {
      "650": {
        "ind1": "\\",
        "ind2": "0",
        "subfields": [
          {
            "a": "Infant psychiatry"
          },
          {
            "x": "Diagnosis."
          }
        ]
      }
    },
    {
      "650": {
        "ind1": "\\",
        "ind2": "0",
        "subfields": [
          {
            "a": "Child psychopathology"
          },
          {
            "v": "Case studies."
          }
        ]
      }
    },
    {
      "650": {
        "ind1": "\\",
        "ind2": "0",
        "subfields": [
          {
            "a": "Infant psychiatry"
          },
          {
            "v": "Case studies."
          }
        ]
      }
    },
    {
      "650": {
        "ind1": "1",
        "ind2": "2",
        "subfields": [
          {
            "a": "Mental Disorders"
          },
          {
            "x": "classification."
          }
        ]
      }
    },
    {
      "650": {
        "ind1": "2",
        "ind2": "2",
        "subfields": [
          {
            "a": "Mental Disorders"
          },
          {
            "x": "diagnosis."
          }
        ]
      }
    },
    {
      "650": {
        "ind1": "2",
        "ind2": "2",
        "subfields": [
          {
            "a": "Developmental Disabilities."
          }
        ]
      }
    },
    {
      "650": {
        "ind1": "2",
        "ind2": "2",
        "subfields": [
          {
            "a": "Child."
          }
        ]
      }
    },
    {
      "650": {
        "ind1": "2",
        "ind2": "2",
        "subfields": [
          {
            "a": "Infant."
          }
        ]
      }
    },
    {
      "650": {
        "ind1": "\\",
        "ind2": "7",
        "subfields": [
          {
            "a": "Child psychopathology."
          },
          {
            "2": "fast"
          },
          {
            "0": "(OCoLC)fst00854560"
          }
        ]
      }
    },
    {
      "650": {
        "ind1": "\\",
        "ind2": "7",
        "subfields": [
          {
            "a": "Child psychopathology"
          },
          {
            "x": "Diagnosis."
          },
          {
            "2": "fast"
          },
          {
            "0": "(OCoLC)fst00854562"
          }
        ]
      }
    },
    {
      "650": {
        "ind1": "\\",
        "ind2": "7",
        "subfields": [
          {
            "a": "Infant psychiatry."
          },
          {
            "2": "fast"
          },
          {
            "0": "(OCoLC)fst00972075"
          }
        ]
      }
    },
    {
      "650": {
        "ind1": "\\",
        "ind2": "7",
        "subfields": [
          {
            "a": "Infant psychiatry"
          },
          {
            "x": "Diagnosis."
          },
          {
            "2": "fast"
          },
          {
            "0": "(OCoLC)fst00972076"
          }
        ]
      }
    },
    {
      "655": {
        "ind1": "\\",
        "ind2": "7",
        "subfields": [
          {
            "a": "Case studies."
          },
          {
            "2": "fast"
          },
          {
            "0": "(OCoLC)fst01423765"
          }
        ]
      }
    },
    {
      "655": {
        "ind1": "\\",
        "ind2": "7",
        "subfields": [
          {
            "a": "Classification."
          },
          {
            "2": "fast"
          },
          {
            "0": "(OCoLC)fst01697073"
          }
        ]
      }
    },
    {
      "700": {
        "ind1": "1",
        "ind2": "\\",
        "subfields": [
          {
            "a": "Lieberman, Alicia F."
          }
        ]
      }
    },
    {
      "700": {
        "ind1": "1",
        "ind2": "\\",
        "subfields": [
          {
            "a": "Wieder, Serena."
          }
        ]
      }
    },
    {
      "700": {
        "ind1": "1",
        "ind2": "\\",
        "subfields": [
          {
            "a": "Fenichel, Emily Schrag."
          }
        ]
      }
    },
    {
      "700": {
        "ind1": "1",
        "ind2": "\\",
        "subfields": [
          {
            "a": "Greenspan, Stanley I.,"
          },
          {
            "e": "writer of foreword."
          }
        ]
      }
    },
    {
      "710": {
        "ind1": "2",
        "ind2": "\\",
        "subfields": [
          {
            "a": "Zero to Three (Organization)"
          }
        ]
      }
    },
    {
      "994": {
        "ind1": "\\",
        "ind2": "\\",
        "subfields": [
          {
            "a": "Z0"
          },
          {
            "b": "NYRVC"
          }
        ]
      }
    },
    {
      "948": {
        "ind1": "\\",
        "ind2": "\\",
        "subfields": [
          {
            "h": "NO HOLDINGS IN NYRVC - 3 OTHER HOLDINGS"
          }
        ]
      }
    },
    {
      "999": {
        "ind1": "\\",
        "ind2": "\\",
        "subfields": [
          {
            "a": "00000000011908"
          }
        ]
      }
    }
  ]
}